@TechReport{Kernighan1974,
author = {Brian Kernighan},
title = {Programming in C – A Tutorial},
institution = {Bell Laboratories},
year = {1974}
}

@article{suzaki2021ts,
  title={Ts-perf: General performance measurement of trusted execution environment and rich execution environment on intel sgx, arm trustzone, and risc-v keystone},
  author={Suzaki, Kuniyasu and Nakajima, Kenta and Oi, Tsukasa and Tsukamoto, Akira},
  journal={IEEE Access},
  volume={9},
  pages={133520--133530},
  year={2021},
  publisher={IEEE}
}

@article{Suzaki2021,
author = {Suzaki, Kuniyasu and Nakajima, Kenta and Oi, Tsukasa and Tsukamoto, Akira},
year = {2021},
month = {09},
pages = {1-1},
title = {TS-perf: Performance Measurement of Trusted Execution Environment and Rich Execution Environment on Different CPUs},
volume = {PP},
journal = {IEEE Access},
doi = {10.1109/ACCESS.2021.3112202}
}

@article{dayeol2019keystone,
  title={Keystone: An Open Framework for Architecting TEEs},
  author={Dayeol, L and David, K and Shweta, S and Dawn, S and Krste, A},
  journal={arXiv:.[Cs]},
  year={2019}
}



@article{Lee2019,
  author       = {Dayeol Lee and
                  David Kohlbrenner and
                  Shweta Shinde and
                  Dawn Song and
                  Krste Asanovic},
  title        = {Keystone: {A} Framework for Architecting TEEs},
  journal      = {CoRR},
  volume       = {abs/1907.10119},
  year         = {2019}
}

@misc{mandour2021cache,
  author       = {Mahmoud Mandour},
  title        = {Cache Modelling TCG Plugin},
  year         = {2021},
  url          = {https://www.qemu.org/2021/08/19/tcg-cache-modelling-plugin/},
  note         = {Accessed: 2025-06-12},
}

@misc{keystone2025how,
  author       = {Keystone Enclave},
  title        = {How Keystone Works},
  year         = {2025},
  url          = {https://tmkeystone.readthedocs.io/en/latest/Getting-Started/How-Keystone-Works/index.html},
  note         = {Accessed: 2025-06-12},
}



@article{Survey2023,
  author       = {Xiaoguo Li and
                  Bowen Zhao and
                  Guomin Yang and
                  Tao Xiang and
                  Jian Weng and
                  Robert H. Deng},
  title        = {A Survey of Secure Computation Using Trusted Execution Environments},
  journal      = {CoRR},
  volume       = {abs/2302.12150},
  year         = {2023}
}

@article{weiss2002dhrystone,
  title={Dhrystone benchmark},
  author={Weiss, Alan R},
  journal={History, Analysis,„Scores “and Recommendations, White Paper, ECL/LLC},
  year={2002}
}

@article{york2002benchmarking,
  title={Benchmarking in context: Dhrystone},
  author={York, Richard},
  journal={ARM, March},
  year={2002},
  publisher={Citeseer}
}

@article{gal2012exploring,
  title={Exploring coremark a benchmark maximizing simplicity and efficacy},
  author={Gal-On, Shay and Levy, Markus},
  journal={The Embedded Microprocessor Benchmark Consortium},
  volume={6},
  number={23},
  pages={87},
  year={2012}
}

@article{reed2015cpu,
  title={A cpu benchmarking characterization of arm based processors},
  author={Reed, Robert Graham and Cox, Mitchell Arij and Wrigley, Thomas and Mellado, Bruce},
  journal={Компьютерные исследования и моделирование},
  volume={7},
  number={3},
  pages={581--586},
  year={2015},
  publisher={Ижевский институт компьютерных исследований}
}

